<?xml version="1.0" encoding="UTF-8"?><record xmlns="http://www.loc.gov/MARC21/slim" xmlns:cinclude="http://apache.org/cocoon/include/1.0" xmlns:zs="http://www.loc.gov/zing/srw/">
  <leader>00440cz  a2200133n  4500</leader>
  <controlfield tag="001">n  93800059 </controlfield>
  <controlfield tag="003">DLC</controlfield>
  <controlfield tag="005">19980317083313.0</controlfield>
  <controlfield tag="008">930518n| acannaab|          |n aaa ||| b</controlfield>
  <datafield tag="010" ind1=" " ind2=" ">
    <subfield code="a">n  93800059 </subfield>
  </datafield>
  <datafield tag="040" ind1=" " ind2=" ">
    <subfield code="a">DNLM</subfield>
    <subfield code="c">DLC</subfield>
    <subfield code="d">DLC</subfield>
  </datafield>
  <datafield tag="100" ind1="1" ind2="0">
    <subfield code="a">Erickson, Beth M.</subfield>
  </datafield>
  <datafield tag="670" ind1=" " ind2=" ">
    <subfield code="a">Her Helping men change, c1993:</subfield>
    <subfield code="b">CIP t.p. (Beth M. Erickson)</subfield>
  </datafield>
  <datafield tag="670" ind1=" " ind2=" ">
    <subfield code="a">Longing for dad, 1998:</subfield>
    <subfield code="b">CIP t.p. (Beth M. Erickson, Ph. D.) data sheet (Erickson, Beth; b. July 4, 1945)</subfield>
  </datafield>
</record>